@article{有機化學命名芻議,
  author  = {梁國常},
  journal = {北京大學月刊},
  number  = {},
  title   = {有機化學命名芻議},
  volume  = {7},
  year    = {1920},
  pages   = {71--89},
  url     = {http://read.nlc.cn/allSearch/searchDetail?searchType=all&showType=1&indexName=data_404&fid=01J000340}
}